@online{Coggbj2w1YcFYerw,
  journal = {Open source initiative},
  title = {The MIT License},
  urldate = {2019-11-30},
  url = {https://opensource.org/licenses/MIT},
}

@online{bubnjdnGvCIhNXGA,
  author = {Larry Troan},
  title = {Open Source from a Proprietary Perspective},
  urldate = {2019-11-30},
  url = {https://slidex.tips/download/open-source-from-a-larry-ootpa-troan},
}

@online{ZYIgkY8lAhBn4FIP,
  journal = {World Intelectual Property Organization},
  title = {Berne Conventionfor the Protection of Literary and Artistic Works},
  urldate = {2019-12-03},
  url = {https://www.wipo.int/edocs/lexdocs/treaties/en/berne/trt_berne_001en.pdf},
}

@online{IguH4d48zXQFMfvo,
  journal = {Open source initiative},
  title = {BSD-2-Clause},
  urldate = {2019-12-03},
  url = {https://opensource.org/licenses/BSD-3-Clause},
}

@online{MsSRRkiT0fTO9nIL,
  title = {BSD-3-Clause},
  urldate = {2019-12-03},
  url = {https://opensource.org/licenses/BSD-3-Clause},
}

@online{e7U2F4YYUmCPrud7,
  journal = {Open Source Initiative},
  title = {GPL licence},
  urldate = {2019-12-03},
  url = {https://opensource.org/licenses/gpl-license},
}

@online{g1E6ZMq6JAfYgcLv,
  journal = {Open source initiative},
  title = {LGPL},
  urldate = {2019-12-03},
  url = {https://opensource.org/licenses/lgpl-license},
}

@online{BTYJHnsgDT2Z6Ybd,
  title = {Trade secrets: An efficient tool for competitiveness},
  urldate = {2019-12-03},
  url = {https://www.iprhelpdesk.eu/sites/default/files/newsdocuments/Fact-Sheet-Trade-Secrets-Efficient-Tool-Competitiveness-EN.pdf},
}

@article{Wheeler24September2007,
  author = {David Wheeler},
  title = {The Free-Libre / Open Source Software (FLOSS) License Slide},
  pages = {2},
  urldate = {2019-12-03},
  url = {https://dwheeler.com/essays/floss-license-slide.pdf},
}

@article{Webster2011,
  author = {Paul C Webster},
  journal = {The Lancet},
  title = {The rise of open-source electronic health records},
  year = {2011},
  pages = {1641-1642},
  volume = {377},
  number = {9778},
  issn = {01406736},
  doi = {10.1016/S0140-6736(11)60659-4},
  url = {https://linkinghub.elsevier.com/retrieve/pii/S0140673611606594},
}

@online{3PxGu0jLVzLuc5yu,
  author = {Kenneth MacCallum},
  journal = {StarFish},
  title = {When should you use Open Source Software in Medical Devices?},
  urldate = {2019-12-03},
  url = {https://starfishmedical.com/blog/open-source-software-medical-devices/},
}

@online{YKQXazuETvNjb64y,
  author = {Hamza Mu},
  journal = {Medevel.com},
  title = {Bahmni: Free Open source Modular EMR \& Hospital System},
  urldate = {2019-12-03},
  url = {https://medevel.com/bahmni-free-open-source-modular-emr-hospital-system/},
}

@online{VxVClGAHSS0nUOAN,
  author = {Hamza Mu},
  journal = {Medevel.com},
  title = {OpenHospital open source HIS ( Hospital Information System ) for developing countries},
  urldate = {2019-12-03},
  url = {https://medevel.com/openhospital-his/},
}

@online{czisK9MyO7pfkhy0,
  title = {OpenBCI},
  urldate = {2019-12-03},
  url = {https://openbci.com/},
}

@online{URfR4Gj60wAO1IvK,
  journal = {Github},
  title = {MobilECG},
  urldate = {2019-12-03},
  url = {https://github.com/xdever/MobilECG-II},
}

@online{ZzHvZjzunNBFRsfW,
  journal = {Open Source Initiative},
  title = {MIT license},
  urldate = {2019-12-03},
  url = {https://opensource.org/licenses/MIT},
}


